@article{bubenik,
  author  = {Peter Bubenik},
  title   = {Statistical Topological Data Analysis using Persistence Landscapes},
  journal = {Journal of Machine Learning Research},
  year    = {2015},
  volume  = {16},
  number  = {3},
  pages   = {77-102},
  url     = {http://jmlr.org/papers/v16/bubenik15a.html}
}

@article{munch,
  title={A User’s Guide to Topological Data Analysis},
  author={Elizabeth Munch},
  year={2017},
  journal = {Journal of Learning Analytics},
  volume = {4(2)},
  pages = {47–61},
  url = {http://dx.doi.org/10.18608/jla.2017.42.6}
}
@article{chazal,
       author = {{Chazal}, Fr{\'e}d{\'e}ric and {Michel}, Bertrand},
        title = {An introduction to Topological Data Analysis: fundamental and practical aspects for data scientists},
      journal = {arXiv e-prints},
     keywords = {Mathematics - Statistics Theory, Computer Science - Machine Learning, Mathematics - Algebraic Topology, Statistics - Machine Learning},
         year = 2017,
        month = oct,
          eid = {arXiv:1710.04019},
        pages = {arXiv:1710.04019},
archivePrefix = {arXiv},
       eprint = {1710.04019},
 primaryClass = {math.ST},
       adsurl = {https://ui.adsabs.harvard.edu/abs/2017arXiv171004019C},
      adsnote = {Provided by the SAO/NASA Astrophysics Data System}
}

@article{carlsson,
  author  = {Carlsson G},
  title   = {Topology and data},
  journal = {Bulletin of the AMS},
  year    = {2009},
  volume  = {46},
  number  = {3},
  pages   = {255–308},
  url     = {https://doi.org/10.1090/S0273-0979-09-01249-X}
}


@book{munkres,
  author  = {Munkres J},
  title   = {Topology, 2$^{nd}$ edition},
  year    = {2014},
  PUBLISHER  = {Pearson Education Limited}
}

@article {singh,
journal = {Eurographics Symposium on Point-Based Graphics},
editor = {M. Botsch and R. Pajarola and B. Chen and M. Zwicker},
title = {{Topological Methods for the Analysis of High Dimensional Data Sets and 3D Object Recognition}},
author = {Singh, Gurjeet and Memoli, Facundo and Carlsson, Gunnar},
year = {2007},
publisher = {The Eurographics Association},
ISSN = {1811-7813},
ISBN = {978-3-905673-51-7},
DOI = {10.2312/SPBG/SPBG07/091-100}
}

@article{hylton,
author = {Hylton, Alan and Henselman-Petrusek, Gregory and Sang, Janche and Short, Robert},
title = {Tuning the performance of a computational persistent homology package},
journal = {Software: Practice and Experience},
volume = {49},
number = {5},
pages = {885-905},
doi = {10.1002/spe.2678},
url = {https://onlinelibrary.wiley.com/doi/abs/10.1002/spe.2678},
year = {2019}
}
